<record><leader>00000cas a2200000 a 4500</leader><controlfield tag="001">52416736</controlfield><controlfield tag="008">030611c19869999nyuwr ne      0    0eng c</controlfield><datafield ind1=" " ind2=" " tag="010"><subfield code="a">sn2003060375</subfield></datafield><datafield ind1=" " ind2=" " tag="040"><subfield code="a">NYS</subfield><subfield code="b">eng</subfield><subfield code="c">NYS</subfield><subfield code="d">OCLCQ</subfield><subfield code="d">OCLCF</subfield><subfield code="d">OCLCO</subfield></datafield><datafield ind1="1" ind2=" " tag="029"><subfield code="a">AU@</subfield><subfield code="b">000024725976</subfield></datafield><datafield ind1=" " ind2=" " tag="042"><subfield code="a">pcc</subfield></datafield><datafield ind1=" " ind2=" " tag="043"><subfield code="a">n-us-ny</subfield></datafield><datafield ind1="0" ind2=" " tag="130"><subfield code="a">Gazette (Croton-on-Hudson, N.Y.)</subfield></datafield><datafield ind1="1" ind2="4" tag="245"><subfield code="a">The Gazette.</subfield></datafield><datafield ind1="1" ind2="3" tag="246"><subfield code="a">Croton-Cortlandt gazette</subfield><subfield code="f">&lt;Oct. 9, 1986-Dec. 28, 1989&gt;</subfield></datafield><datafield ind1=" " ind2=" " tag="250"><subfield code="a">Cortlandt ed.</subfield></datafield><datafield ind1=" " ind2=" " tag="260"><subfield code="a">Croton-on-Hudson, N.Y. :</subfield><subfield code="b">C.A. Nelson Pub.,</subfield><subfield code="c">1986-</subfield></datafield><datafield ind1=" " ind2=" " tag="300"><subfield code="a">v. :</subfield><subfield code="b">ill. ;</subfield><subfield code="c">44 cm.</subfield></datafield><datafield ind1=" " ind2=" " tag="310"><subfield code="a">Weekly</subfield></datafield><datafield ind1="0" ind2=" " tag="362"><subfield code="a">Vol. 1, no. 1 (Oct. 9, 1986)-</subfield></datafield><datafield ind1=" " ind2=" " tag="500"><subfield code="a">"Serving Cortlandt, Croton, Buchanan, Montrose."</subfield></datafield><datafield ind1=" " ind2="0" tag="651"><subfield code="a">Buchanan (N.Y.)</subfield><subfield code="v">Newspapers.</subfield></datafield><datafield ind1=" " ind2="0" tag="651"><subfield code="a">Croton-on-Hudson (N.Y.)</subfield><subfield code="v">Newspapers.</subfield></datafield><datafield ind1=" " ind2="0" tag="651"><subfield code="a">Cortlandt (N.Y. : Town)</subfield><subfield code="v">Newspapers.</subfield></datafield><datafield ind1=" " ind2="0" tag="651"><subfield code="a">Montrose (N.Y.)</subfield><subfield code="v">Newspapers.</subfield></datafield><datafield ind1=" " ind2="0" tag="651"><subfield code="a">Westchester County (N.Y.)</subfield><subfield code="v">Newspapers.</subfield></datafield><datafield ind1=" " ind2="7" tag="655"><subfield code="a">Newspapers.</subfield><subfield code="2">fast</subfield><subfield code="0">(OCoLC)fst01423814</subfield></datafield><datafield ind1=" " ind2="7" tag="651"><subfield code="a">New York (State)</subfield><subfield code="z">Buchanan.</subfield><subfield code="2">fast</subfield><subfield code="0">(OCoLC)fst01215827</subfield></datafield><datafield ind1=" " ind2="7" tag="651"><subfield code="a">New York (State)</subfield><subfield code="z">Cortlandt (Town)</subfield><subfield code="2">fast</subfield><subfield code="0">(OCoLC)fst01331603</subfield></datafield><datafield ind1=" " ind2="7" tag="651"><subfield code="a">New York (State)</subfield><subfield code="z">Croton-on-Hudson.</subfield><subfield code="2">fast</subfield><subfield code="0">(OCoLC)fst01234987</subfield></datafield><datafield ind1=" " ind2="7" tag="651"><subfield code="a">New York (State)</subfield><subfield code="z">Montrose.</subfield><subfield code="2">fast</subfield><subfield code="0">(OCoLC)fst01209608</subfield></datafield><datafield ind1=" " ind2="7" tag="651"><subfield code="a">New York (State)</subfield><subfield code="z">Westchester County.</subfield><subfield code="2">fast</subfield><subfield code="0">(OCoLC)fst01202684</subfield></datafield><datafield ind1=" " ind2=" " tag="752"><subfield code="a">United States</subfield><subfield code="b">New York</subfield><subfield code="c">Westchester</subfield><subfield code="d">Croton-on-Hudson.</subfield></datafield><datafield ind1="1" ind2=" " tag="775"><subfield code="t">Gazette</subfield><subfield code="b">Ossining ed.</subfield><subfield code="d">1990-</subfield><subfield code="w">(OCoLC)35004776</subfield></datafield></record>